%%
%% EIT Mag
%%

@inproceedings{alexandropoulos2020hardware,
  title={A hardware architecture for reconfigurable intelligent surfaces with minimal active elements for explicit channel estimation},
  author={Alexandropoulos, George C and Vlachos, Evangelos},
  booktitle={Proc. IEEE Int. Conf. on Acoust., Speech and Signal Process. (ICASSP)},
  pages={9175--9179},
  year={2020},
  month={May}
}

@article{goldsmith2003capacity,
  title={Capacity limits of MIMO channels},
  author={Goldsmith, Andrea and Jafar, Syed Ali and Jindal, Nihar and Vishwanath, Sriram},
  journal={IEEE J. Sel. Areas Commun.},
  volume={21},
  number={5},
  pages={684--702},
  year={2003},
  publisher={IEEE}
}

@article{poon2005degrees,
  title={Degrees of freedom in multiple-antenna channels: A signal space approach},
  author={Poon, Ada SY and Brodersen, Robert W and Tse, David NC},
  journal={IEEE Trans. Inf. Theory},
  volume={51},
  number={2},
  pages={523--536},
  year={2005},
  publisher={IEEE}
}

@article{shannon1948mathematical,
  title={A mathematical theory of communication},
  author={Shannon, Claude Elwood},
  journal={The Bell System Technical Journal},
  volume={27},
  number={3},
  pages={379--423},
  year={1948},
  month = {Jul.},
  publisher={Nokia Bell Labs}
}

@article{wan2022mutual,
  title={Mutual information for electromagnetic information theory based on random fields},
  author={Wan, Zhongzhichao and Zhu, Jieao and Zhang, Zijian and Dai, Linglong and Chae, Chan-Byoung},
  journal={{\rm arXiv preprint arXiv:2111.00496}},
  year={2022},
  month={Sep.},
}

@ARTICLE{marzetta2022fourier,
  author={Pizzo, Andrea and Sanguinetti, Luca and Marzetta, Thomas L.},
  journal={{IEEE} Trans. Wireless Commun.}, 
  title={Fourier Plane-Wave Series Expansion for Holographic {MIMO} Communications}, 
  year={2022},
  month = {Mar.},
  volume={},
  number={},
  pages={1-1},}
  

@INPROCEEDINGS{zhang2022pdma,
  author={Zhang, Zijian and Dai, Linglong},
  booktitle={Proc. ICC 2022 - IEEE International Conference on Communications}, 
  title={Pattern-Division Multiplexing for Continuous-Aperture MIMO}, 
  year={2022},
  month = {May},
  volume={},
  number={},
  pages={3287-3292},
}

@article{bucci1987spatial,
  title={On the spatial bandwidth of scattered fields},
  author={Bucci, OVIDIOM and Franceschetti, Giorgio},
  journal={{IEEE} Trans. Antennas Propagat.},
  volume={35},
  number={12},
  pages={1445--1455},
  year={1987},
  publisher={IEEE}
}

@book{stratton2007electromagnetic,
  title={Electromagnetic theory},
  author={Stratton, Julius Adams},
  volume={33},
  year={2007},
  publisher={John Wiley \& Sons}
}

@article{pizzo2022nyquist,
  title={Nyquist sampling and degrees of freedom of electromagnetic fields},
  author={Pizzo, Andrea and de Jesus Torres, Andrea and Sanguinetti, Luca and Marzetta, Thomas L},
  journal={IEEE Trans. Signal Process.},
  year={2022},
  publisher={IEEE}
}

@article{slepian1976bandwidth,
  title={On bandwidth},
  author={Slepian, David},
  journal={Proc. {IEEE}},
  volume={64},
  number={3},
  pages={292--300},
  year={1976},
  publisher={IEEE}
}

@article{wu2022multiple,
  title={Multiple access for near-field communications: {SDMA} or {LDMA}?},
  author={Wu, Zidong and Cui, Mingyao and Dai, Linglong},
  journal={{\rm arXiv preprint arXiv:2208.06349}},
  year={2022},
  month={Aug.},
}

@article{slepian1961prolate,
  title={Prolate spheroidal wave functions, Fourier analysis and uncertaintyâ€”I},
  author={Slepian, David and Pollak, Henry O},
  journal={Bell System Technical Journal},
  volume={40},
  number={1},
  pages={43--63},
  year={1961},
  publisher={Wiley Online Library}
}

@article{patzold2004space,
  title={A space-time channel simulator for MIMO channels based on the geometrical one-ring scattering model},
  author={P{\"a}tzold, Matthias and Hogstad, Bj{\o}rn Olav},
  journal={Wireless Communications and Mobile Computing},
  volume={4},
  number={7},
  pages={727--737},
  year={2004},
  publisher={Wiley Online Library}
}

@article{miller2000communicating,
  title={Communicating with waves between volumes: evaluating orthogonal spatial channels and limits on coupling strengths},
  author={Miller, David AB},
  journal={Applied Optics},
  volume={39},
  number={11},
  pages={1681--1699},
  year={2000},
  publisher={Optica Publishing Group}
}

@article{saad2019vision,
  title={A vision of {6G} wireless systems: Applications, trends, technologies, and open research problems},
  author={Saad, Walid and Bennis, Mehdi and Chen, Mingzhe},
  journal={IEEE network},
  volume={34},
  number={3},
  pages={134--142},
  year={2019},
  month = {Oct.},
  publisher={IEEE}
}

@inproceedings{shah2022survey,
  title={A Survey From {1G} to {5G} Including the Advent of {6G}: Architectures, Multiple Access Techniques, and Emerging Technologies},
  author={Shah, AFM Shahen},
  booktitle={Proc. 2022 IEEE 12th Annual Computing and Communication Workshop and Conference (CCWC)},
  pages={1117--1123},
  year={2022},
  month = {Mar.},
  organization={IEEE}
}

@article{gruber2008new,
  title={New aspects of electromagnetic information theory for wireless and antenna systems},
  author={Gruber, Fred K and Marengo, Edwin A},
  journal={{IEEE} Trans. Antennas Propag.},
  volume={56},
  number={11},
  pages={3470--3484},
  year={2008},
  month = {Nov.},
  publisher={IEEE}
}